<collection xmlns="http://www.loc.gov/MARC21/slim"><record><leader>00795nam  2200229   450</leader><controlfield tag="001">133</controlfield><controlfield tag="003">http://montalegre.opacnet.com/OPAC/default.aspx?ContentAreaControl=ShowRegHoldings.ascx&amp;RegNo=16662</controlfield><controlfield tag="005">20</controlfield><datafield tag="095" ind1=" " ind2=" "><subfield code="a">PTBN00046989</subfield></datafield><datafield tag="100" ind1=" " ind2=" "><subfield code="a">19780401d1977    m  y0pora010305  ba</subfield></datafield><datafield tag="101" ind1="1" ind2=" "><subfield code="a">por</subfield><subfield code="c">ita</subfield></datafield><datafield tag="102" ind1=" " ind2=" "><subfield code="a">PT</subfield></datafield><datafield tag="200" ind1="1" ind2=" "><subfield code="a">&lt;O &gt;castelo dos destinos cruzados</subfield><subfield code="f">Italo Calvino</subfield><subfield code="g">trad. de Gaetan Martins de Oliveira</subfield></datafield><datafield tag="210" ind1=" " ind2=" "><subfield code="a">Amadora</subfield><subfield code="c">Bertrand</subfield><subfield code="d">1977</subfield></datafield><datafield tag="215" ind1=" " ind2=" "><subfield code="a">126, [5] p.</subfield><subfield code="c">il.</subfield><subfield code="d">21 cm</subfield></datafield><datafield tag="304" ind1=" " ind2=" "><subfield code="a">Tít. orig.: Il castello dei destini incrociati</subfield></datafield><datafield tag="675" ind1=" " ind2=" "><subfield code="a">821</subfield></datafield><datafield tag="700" ind1=" " ind2="1"><subfield code="a">Calvino</subfield><subfield code="b">Italo</subfield><subfield code="f">1923-1985</subfield></datafield><datafield tag="702" ind1=" " ind2="1"><subfield code="a">Oliveira</subfield><subfield code="b">Gaëtan Martins de</subfield><subfield code="4">730</subfield></datafield><datafield tag="801" ind1=" " ind2="0"><subfield code="a">PT</subfield><subfield code="b">Biblioteca Municipal de Montalegre</subfield><subfield code="g">RPC</subfield></datafield><datafield tag="856" ind1=" " ind2=" "><subfield code="u">locateMedia.asp?cod=20060509122553&amp;ext=jpg</subfield><subfield code="z">CAPA</subfield></datafield><datafield tag="909" ind1="&#9;" ind2=" "><subfield code="a">2</subfield></datafield><datafield tag="966" ind1=" " ind2=" "><subfield code="a">0008268</subfield><subfield code="l">BMM</subfield><subfield code="s">SCG 821 CAL cas</subfield></datafield><datafield tag="966" ind1=" " ind2=" "><subfield code="a">0008595</subfield><subfield code="l">BMM</subfield><subfield code="s">SCG 821 CAL cas</subfield></datafield></record></collection>